DATE,SALES,Auto Leasing,Auto Finanzierung,BMW Leasing,BMW Finanzierung,BMW,Euribor 3M,Euribor 6M,Euribor 1Y,Gebrauchtwagenpreisindex,Bestand Arbeitslose,Zugang Arbeitslose,Abgang Arbeitslose,Arbeitslosenquote,Besch채ftigungsbarometer,Verarbeitendes Gewerbe,Bauhauptgewerbe,Handel,Dienstleistungssektor, Gesch채ftsklima,Gesch채ftslage,Gesch채ftserwartungen,Konjunkturampel,Verbraucherpreisindex,Index der Einzelhandelspreise,Index der Erzeugerpreise gewerblicher Produkte,Index der Growsshandelsverkaufspreise,Index der Einfuhrpreise,Index der Ausfuhrpreise
1994-01-31,,,,,,,6.91,6.67,6.34,,,,,,,,,,,,,,,,,,,,
1994-02-28,,,,,,,6.86,6.68,6.42,,,,,,,,,,,,,,,,,,,,
1994-03-31,,,,,,,6.75,6.65,6.55,,,,,,,,,,,,,,,,,,,,
1994-04-30,,,,,,,6.57,6.51,6.46,,,,,,,,,,,,,,,,,,,,
1994-05-31,,,,,,,6.24,6.21,6.25,,,,,,,,,,,,,,,,,,,,
1994-06-30,,,,,,,6.3,6.37,6.62,,,,,,,,,,,,,,,,,,,,
1994-07-31,,,,,,,6.34,6.5,6.77,,,,,,,,,,,,,,,,,,,,
1994-08-31,,,,,,,6.43,6.67,7.08,,,,,,,,,,,,,,,,,,,,
1994-09-30,,,,,,,6.38,6.73,7.31,,,,,,,,,,,,,,,,,,,,
1994-10-31,,,,,,,6.43,6.71,7.3,,,,,,,,,,,,,,,,,,,,
1994-11-30,,,,,,,6.4,6.65,7.19,,,,,,,,,,,,,,,,,,,,
1994-12-31,,,,,,,6.69,7.0,7.51,,,,,,,,,,,,,,,,,,,,
1995-01-31,,,,,,,6.66,7.06,7.66,,,,,,,,,,,,,,,,,,,,
1995-02-28,,,,,,,6.59,6.92,7.5,,,,,,,,,,,,,,,,,,,,
1995-03-31,,,,,,,7.58,7.74,8.02,,,,,,,,,,,,,,,,,,,,
1995-04-30,,,,,,,7.29,7.39,7.63,,,,,,,,,,,,,,,,,,,,
1995-05-31,,,,,,,7.04,7.09,7.25,,,,,,,,,,,,,,,,,,,,
1995-06-30,,,,,,,7.08,7.11,7.24,,,,,,,,,,,,,,,,,,,,
1995-07-31,,,,,,,6.92,6.99,7.16,,,,,,,,,,,,,,,,,,,,
1995-08-31,,,,,,,6.66,6.71,6.83,,,,,,,,,,,,,,,,,,,,
1995-09-30,,,,,,,6.5,6.54,6.59,,,,,,,,,,,,,,,,,,,,
1995-10-31,,,,,,,6.75,6.78,6.76,,,,,,,,,,,,,,,,,,,,
1995-11-30,,,,,,,6.45,6.43,6.43,,,,,,,,,,,,,,,,,,,,
1995-12-31,,,,,,,6.32,6.26,6.21,,,,,,,,,,,,,,,,,,,,
1996-01-31,,,,,,,5.81,5.73,5.69,,,,,,,,,,,,,,,,,,,,
1996-02-29,,,,,,,5.58,5.54,5.56,,,,,,,,,,,,,,,,,,,,
1996-03-31,,,,,,,5.5,5.49,5.55,,,,,,,,,,,,,,,,,,,,
1996-04-30,,,,,,,5.27,5.26,5.32,,,,,,,,,,,,,,,,,,,,
1996-05-31,,,,,,,5.06,5.03,5.07,,,,,,,,,,,,,,,,,,,,
1996-06-30,,,,,,,5.08,5.08,5.19,,,,,,,,,,,,,,,,,,,,
1996-07-31,,,,,,,5.06,5.07,5.18,,,,,,,,,,,,,,,,,,,,
1996-08-31,,,,,,,5.08,5.1,5.16,,,,,,,,,,,,,,,,,,,,
1996-09-30,,,,,,,4.86,4.88,4.96,,,,,,,,,,,,,,,,,,,,
1996-10-31,,,,,,,4.69,4.66,4.67,,,,,,,,,,,,,,,,,,,,
1996-11-30,,,,,,,4.57,4.53,4.54,,,,,,,,,,,,,,,,,,,,
1996-12-31,,,,,,,4.5,4.42,4.39,,,,,,,,,,,,,,,,,,,,
1997-01-31,,,,,,,4.39,4.31,4.25,,,,,,,,,,,,,,,,,,,,
1997-02-28,,,,,,,4.43,4.36,4.32,,,,,,,,,,,,,,,,,,,,
1997-03-31,,,,,,,4.5,4.5,4.55,,,,,,,,,,,,,,,,,,,,
1997-04-30,,,,,,,4.39,4.41,4.47,,,,,,,,,,,,,,,,,,,,
1997-05-31,,,,,,,4.3,4.32,4.36,,,,,,,,,,,,,,,,,,,,
1997-06-30,,,,,,,4.29,4.3,4.33,,,,,,,,,,,,,,,,,,,,
1997-07-31,,,,,,,4.3,4.31,4.32,,,,,,,,,,,,,,,,,,,,
1997-08-31,,,,,,,4.36,4.42,4.49,,,,,,,,,,,,,,,,,,,,
1997-09-30,,,,,,,4.31,4.35,4.42,,,,,,,,,,,,,,,,,,,,
1997-10-31,,,,,,,4.44,4.47,4.55,,,,,,,,,,,,,,,,,,,,
1997-11-30,,,,,,,4.49,4.51,4.56,,,,,,,,,,,,,,,,,,,,
1997-12-31,,,,,,,4.37,4.37,4.41,,,,,,,,,,,,,,,,,,,,
1998-01-31,,,,,,,4.26,4.23,4.22,,,,,,,,,,,,,,,,,,,,
1998-02-28,,,,,,,4.24,4.19,4.17,,,,,,,,,,,,,,,,,,,,
1998-03-31,,,,,,,4.11,4.04,4.05,,,,,,,,,,,,,,,,,,,,
1998-04-30,,,,,,,4.09,4.06,4.12,,,,,,,,,,,,,,,,,,,,
1998-05-31,,,,,,,4.06,4.05,4.13,,,,,,,,,,,,,,,,,,,,
1998-06-30,,,,,,,4.02,4.02,4.08,,,,,,,,,,,,,,,,,,,,
1998-07-31,,,,,,,3.95,3.95,4.01,,,,,,,,,,,,,,,,,,,,
1998-08-31,,,,,,,3.93,3.91,3.93,,,,,,,,,,,,,,,,,,,,
1998-09-30,,,,,,,3.93,3.82,3.75,,,,,,,,,,,,,,,,,,,,
1998-10-31,,,,,,,3.81,3.68,3.59,,,,,,,,,,,,,,,,,,,,
1998-11-30,,,,,,,3.69,3.62,3.55,,,,,,,,,,,,,,,,,,,,
1998-12-31,,,,,,,3.37,3.32,3.27,,,,,,,,,,,,,,,,,,,,
1999-01-31,,,,,,,3.1321,3.0915,3.0617,,,,,,,,,,,,,,,,,,,,
1999-02-28,,,,,,,3.0934,3.04,3.0297,,,,,,,,,,,,,,,,,,,,
1999-03-31,,,,,,,3.0467,3.025,3.0462,,,,,,,,,,,,,,,,,,,,
1999-04-30,,,,,,,2.6965,2.7043,2.7564,,,,,,,,,,,,,,,,,,,,
1999-05-31,,,,,,,2.579,2.5976,2.6827,,,,,,,,,,,,,,,,,,,,
1999-06-30,,,,,,,2.6267,2.6801,2.8363,,,,,,,,,,,,,,,,,,,,
1999-07-31,,,,,,,2.6765,2.8975,3.03,,,,,,,,,,,,,,,,,,,,
1999-08-31,,,,,,,2.695,3.0533,3.2373,,,,,,,,,,,,,,,,,,,,
1999-09-30,,,,,,,2.7267,3.1071,3.3011,,,,,,,,,,,,,,,,,,,,
1999-10-31,,,,,,,3.3757,3.4571,3.6837,,,,,,,,,,,,,,,,,,,,
1999-11-30,,,,,,,3.4677,3.4843,3.6892,,,,,,,,,,,,,,,,,,,,
1999-12-31,,,,,,,3.446,3.5117,3.8263,,,,,,,,,,,,,,,,,,,,
2000-01-31,,,,,,,3.3431,3.5563,3.9495,,,,,,,,,,,,,,,,,,,,
2000-02-29,,,,,,,3.5368,3.7347,4.1114,,,,,,,,,,,,,,,,,,,,
2000-03-31,,,,,,,3.747,3.9362,4.2675,,,,,,,,,,,,,,,,,,,,
2000-04-30,,,,,,,3.9253,4.0827,4.3645,,,,,,,,,,,,,,,,,,,,
2000-05-31,,,,,,,4.362,4.5439,4.8485,,,,,,,,,,,,,,,,,,,,
2000-06-30,,,,,,,4.5017,4.6811,4.9649,,,,,,,,,,,,,,,,,,,,
2000-07-31,,,,,,,4.5829,4.8369,5.105,,,,,,,,,,,,,,,,,,,,
2000-08-31,,,,,,,4.7771,5.011,5.2484,,,,,,,,,,,,,,,,,,,,
2000-09-30,,,,,,,4.8528,5.038,5.2192,,,,,,,,,,,,,,,,,,,,
2000-10-31,,,,,,,5.0413,5.1033,5.2184,,,,,,,,,,,,,,,,,,,,
2000-11-30,,,,,,,5.092,5.1308,5.1933,,,,,,,,,,,,,,,,,,,,
2000-12-31,,,,,,,4.9392,4.9197,4.8809,,,,,,,,,,,,,,,,,,,,
2001-01-31,,,,,,,4.7707,4.6753,4.5736,,,,,,,,,,,,,,,,,,,,
2001-02-28,,,,,,,4.7558,4.6664,4.5913,,,,,,,,,,,,,,,,,,,,
2001-03-31,,,,,,,4.7086,4.5769,4.4711,,,,,,,,,,,,,,,,,,,,
2001-04-30,,,,,,,4.682,4.5664,4.4811,,,,,,,,,,,,,,,,,,,,
2001-05-31,,,,,,,4.6367,4.5578,4.5205,,,,,,,,,,,,,,,,,,,,
2001-06-30,,,,,,,4.4536,4.3529,4.3125,,,,,,,,,,,,,,,,,,,,
2001-07-31,,,,,,,4.4671,4.3873,4.3109,,,,,,,,,,,,,,,,,,,,
2001-08-31,,,,,,,4.3535,4.2249,4.1075,,,,,,,,,,,,,,,,,,,,
2001-09-30,,,,,,,3.9829,3.8758,3.77,,,,,,,,,,,,,,,,,,,,
2001-10-31,,,,,,,3.5999,3.4593,3.3694,,,,,,,,,,,,,,,,,,,,
2001-11-30,,,,,,,3.3857,3.2625,3.1979,,,,,,,,,,,,,,,,,,,,
2001-12-31,,,,,,,3.3449,3.2556,3.2981,,,,,,,,,,,,,,,,,,,,
2002-01-31,,,,,,,3.3388,3.3423,3.4832,,,,,,91.9,-23.7,-45.4,-21.6,2.0,,,,,,,,,,
2002-02-28,,,,,,,3.3571,3.3976,3.5936,,,,,,92.1,-21.5,-37.2,-22.9,1.5,,,,,,,,,,
2002-03-31,,,,,,,3.3908,3.5001,3.8156,,,,,,92.5,-22.1,-34.4,-19.9,1.9,,,,,,,,,,
2002-04-30,,,,,,,3.4069,3.536,3.8602,,,,,,92.0,-19.4,-38.3,-22.9,0.1,,,,,,,,,,
2002-05-31,,,,,,,3.4671,3.6264,3.9627,,,,,,92.1,-20.2,-36.8,-22.6,0.8,,,,,,,,,,
2002-06-30,,,,,,,3.464,3.5903,3.8688,,,,,,90.8,-19.3,-35.6,-25.7,-3.8,,,,,,,,,,
2002-07-31,,,,,,,3.41,3.4836,3.6448,,,,,,89.9,-18.3,-37.2,-27.0,-7.0,,,,,,,,,,
2002-08-31,,,,,,,3.3519,3.3798,3.4404,,,,,,89.5,-19.5,-35.9,-26.8,-8.3,,,,,,,,,,
2002-09-30,,,,,,,3.3101,3.2695,3.2364,,,,,,91.0,-19.5,-32.7,-27.9,-2.7,,,,,,,,,,
2002-10-31,,,,,,,3.2613,3.1676,3.1259,,,,,,88.7,-21.2,-36.5,-28.7,-9.8,,,,,,,,,,
2002-11-30,,,,,,,3.1241,3.0369,3.0174,,,,,,89.9,-20.8,-40.8,-30.4,-4.8,,,,,,,,,,
2002-12-31,,,,,,,2.941,2.8924,2.8716,,,,,,89.2,-22.4,-44.8,-34.7,-4.8,,,,,,,,,,
2003-01-31,,,,,,,2.8318,2.7581,2.7045,,,,,,89.9,-21.7,-46.2,-32.6,-3.0,,,,,,,,,,
2003-02-28,,,,,,,2.6875,2.5777,2.5036,,,,,,88.8,-19.5,-40.6,-32.9,-8.6,,,,,,,,,,
2003-03-31,,,,,,,2.53,2.4507,2.4112,,,,,,89.7,-21.0,-39.8,-28.9,-5.7,,,,,,,,,,
2003-04-30,,,,,,,2.5333,2.4695,2.447,,,,,,90.7,-19.2,-35.6,-26.9,-3.8,,,,,,,,,,
2003-05-31,,,,,,,2.4005,2.3084,2.2521,,,,,,88.4,-23.2,-36.4,-25.6,-11.2,,,,,,,,,,
2003-06-30,,,,,,,2.1519,2.0843,2.0137,,,,,,89.1,-22.4,-36.7,-25.7,-8.8,,,,,,,,,,
2003-07-31,,,,,,,2.13,2.0925,2.0761,,,,,,90.3,-22.3,-37.1,-27.0,-4.0,,,,,,,,,,
2003-08-31,,,,,,,2.1404,2.1721,2.2786,,,,,,92.1,-19.6,-35.3,-23.8,0.7,,,,,,,,,,
2003-09-30,,,,,,,2.1473,2.1776,2.2576,,,,,,92.3,-19.7,-33.8,-20.9,0.3,,,,,,,,,,
2003-10-31,,,,,,,2.1436,2.1727,2.3025,,,,,,91.7,-18.5,-37.6,-21.7,-1.8,,,,,,,,,,
2003-11-30,,,,,,,2.159,2.2241,2.4103,,,,,,92.6,-17.9,-35.4,-18.4,0.2,,,,,,,,,,
2003-12-31,,,,,,,2.1463,2.1995,2.3808,,,,,,92.0,-19.2,-39.2,-18.7,-0.8,,,,,,,,,,
2004-01-31,,,,,,,2.0895,2.1154,2.2163,,,,,,91.0,-17.7,-33.4,-16.6,-6.3,,,,,,,,,,
2004-02-29,,,,,,,2.0706,2.0859,2.163,,,,,,92.0,-17.5,-31.9,-16.9,-3.0,,,,,,,,,,
2004-03-31,,,,,,,2.0288,2.0185,2.055,,,,,,91.1,-17.8,-33.0,-17.9,-5.8,,,,,,,,,,
2004-04-30,,,,,,,2.0488,2.0614,2.1626,,,,,,91.4,-16.0,-32.6,-16.9,-5.8,,,,,,,,,,
2004-05-31,,,,,,,2.0859,2.136,2.2974,,,,,,93.1,-15.3,-35.0,-14.6,-0.2,,,,,,,,,,
2004-06-30,,,,,,,2.1127,2.1885,2.4044,,,,,,91.9,-15.5,-32.8,-17.7,-3.8,,,,,,,,,,
2004-07-31,,,,,,,2.116,2.1878,2.361,,,,,,92.2,-15.3,-34.1,-17.0,-3.0,,,,,,,,,,
2004-08-31,,,,,,,2.1143,2.1691,2.302,,,,,,92.4,-14.7,-35.6,-16.8,-2.3,,,,,,,,,,
2004-09-30,,,,,,,2.1186,2.2003,2.377,,,,,,92.6,-12.7,-38.6,-14.8,-2.7,,,,,,,,,,
2004-10-31,,,,,,,2.1473,2.1906,2.3161,,,,,,93.4,-13.7,-37.9,-16.7,1.2,,,,,,,,,,
2004-11-30,,,,,,,2.1703,2.2173,2.3283,,,,,,93.2,-12.8,-36.0,-17.4,0.2,,,,,,,,,,
2004-12-31,,,,,,,2.1732,2.2065,2.301,,,,,,92.8,-15.1,-39.4,-14.7,-0.8,,,,,,,,,,
2005-01-31,,,,,,,2.1454,2.192,2.3121,,,,,,92.6,-15.6,-36.1,-13.6,-2.0,92.2,87.4,97.2,83.1,,,,,,
2005-02-28,,,,,,,2.1384,2.1846,2.31,,,,,,93.1,-15.6,-36.1,-15.9,0.6,92.0,88.0,96.2,50.4,,,,,,
2005-03-31,,,,,,,2.1372,2.1918,2.3348,,,,,,92.5,-17.6,-35.0,-16.9,-0.8,90.1,85.9,94.5,4.9,,,,,,
2005-04-30,,,,,,,2.1372,2.1722,2.2651,,,,,,91.5,-17.9,-30.0,-14.8,-5.3,89.9,86.3,93.7,18.7,,,,,,
2005-05-31,,,,,,,2.1256,2.1441,2.1933,,,,,,92.7,-17.4,-28.3,-14.6,-1.2,89.3,86.1,92.7,11.7,,,,,,
2005-06-30,,,,,,,2.111,2.1069,2.1028,,,,,,92.1,-15.6,-28.8,-12.7,-4.8,89.3,85.6,93.2,32.1,,,,,,
2005-07-31,,,,,,,2.1194,2.1345,2.168,,,,,,93.3,-15.4,-28.2,-16.0,0.6,91.1,85.8,96.8,91.2,,,,,,
2005-08-31,,,,,,,2.1325,2.1595,2.2229,,,,,,92.0,-14.7,-27.5,-13.8,-5.3,92.0,86.7,97.6,96.0,,,,,,
2005-09-30,,,,,,,2.1391,2.1666,2.2195,,,,,,93.8,-12.8,-22.9,-11.8,-0.5,92.9,88.3,97.7,96.7,,,,,,
2005-10-31,,,,,,,2.1966,2.272,2.4136,,,,,,94.9,-10.9,-23.4,-10.7,2.5,94.4,88.7,100.4,99.4,,,,,,
2005-11-30,,,,,,,2.3609,2.5002,2.6844,,,,,,93.7,-12.7,-25.3,-13.4,-0.2,94.9,90.7,99.3,96.7,,,,,,
2005-12-31,,,,,,,2.4729,2.6003,2.7833,,,,,,94.8,-10.9,-29.1,-10.7,2.6,95.0,90.3,100.0,91.1,,,,,,
2006-01-31,,,,,,,2.5117,2.6507,2.8335,,,,,,96.5,-10.5,-21.3,-6.6,7.0,96.5,91.8,101.5,98.2,,,,,,
2006-02-28,,,,,,,2.6004,2.7248,2.9142,,,,,,97.8,-9.6,-11.4,-3.9,9.6,97.7,93.3,102.3,98.9,,,,,,
2006-03-31,,,,,,,2.7226,2.872,3.1053,,,,,,97.4,-7.5,-9.7,-7.9,8.2,98.1,94.2,102.1,95.3,,,,,,
2006-04-30,,,,,,,2.7938,2.9561,3.2214,,,,,,98.4,-7.8,-8.7,-3.9,10.7,97.9,94.2,101.8,91.4,,,,,,
2006-05-31,,,,,,,2.889,3.0582,3.3078,,,,,,97.9,-7.5,-8.3,-7.6,9.8,98.9,96.9,100.8,97.1,,,,,,
2006-06-30,,,,,,,2.9857,3.158,3.4005,,,,,,98.6,-5.6,-10.7,-4.7,11.2,99.0,96.8,101.4,94.5,,,,,,
2006-07-31,,,,,,,3.1022,3.2875,3.5386,,,,,,97.9,-5.4,-8.4,-6.0,8.6,98.8,97.5,100.2,79.2,,,,,,
2006-08-31,,,,,,,3.2265,3.4096,3.6151,,,,,,97.2,-3.7,-7.2,-4.8,4.7,98.7,97.3,100.1,75.3,,,,,,
2006-09-30,,,,,,,3.3354,3.5275,3.7153,,,,,,98.9,-1.6,-8.1,-1.9,9.5,99.0,98.0,100.1,85.2,,,,,,
2006-10-31,,,,,,,3.502,3.6446,3.7992,,,,,,99.2,-0.1,-8.2,-0.7,9.4,99.4,98.8,100.0,90.0,,,,,,
2006-11-30,,,,,,,3.5972,3.7281,3.8637,,,,,,100.3,1.5,-7.0,-0.4,12.8,100.8,100.0,101.6,98.0,,,,,,
2006-12-31,,,,,,,3.6842,3.7894,3.9209,,,,,,100.3,3.2,-6.3,1.3,11.6,101.8,101.3,102.3,98.0,,,,,,
2007-01-31,,,,,,,3.7519,3.8897,4.0644,,,,,,100.6,5.5,-5.3,3.4,11.0,101.5,100.1,102.9,87.7,,,,,,
2007-02-28,,,,,,,3.8182,3.9444,4.0936,,,,,,100.6,4.4,-7.8,0.1,12.6,100.1,98.9,101.3,26.4,,,,,,
2007-03-31,,,,,,,3.8909,3.9963,4.1055,,,,,,101.0,6.4,-8.5,0.1,13.2,100.8,99.9,101.6,62.9,,,,,,
2007-04-30,,,,,,,3.9753,4.0974,4.2527,,,,,,99.9,4.1,-10.9,3.1,9.7,101.1,100.8,101.3,85.4,,,,,,
2007-05-31,,,,,,,4.0714,4.1966,4.3731,,3795940.0,572720.0,734890.0,9.1,100.1,5.3,-9.9,2.4,9.8,101.1,100.5,101.8,88.6,,,,,,
2007-06-30,,,,,,,4.1478,4.283,4.5055,,3672930.0,578000.0,700850.0,8.8,100.6,6.3,-8.4,-0.7,12.2,99.9,98.9,100.9,45.7,,,,,,
2007-07-31,,,,,,,4.2162,4.3585,4.5638,,3701000.0,775270.0,746800.0,8.8,101.0,6.5,-9.5,-1.0,13.6,100.2,99.2,101.1,51.9,,,,,,
2007-08-31,,,,,,,4.5436,4.5938,4.6663,,3691890.0,671520.0,680410.0,8.8,101.1,6.4,-7.9,-0.8,13.7,99.8,99.1,100.6,41.0,,,,,,
2007-09-30,,,,,,,4.7417,4.7513,4.7245,,3530640.0,673130.0,834200.0,8.4,99.3,5.5,-9.2,-3.9,8.5,99.3,98.9,99.7,29.3,,,,,,
2007-10-31,,,,,,,4.6874,4.6634,4.6467,,3421390.0,695530.0,804740.0,8.2,99.8,3.8,-7.2,-5.7,11.4,99.8,99.7,100.0,57.8,,,,,,
2007-11-30,,,,,,,4.6385,4.6297,4.6072,,3366880.0,669260.0,723780.0,8.0,100.7,5.7,-9.0,-0.4,12.8,98.7,98.7,98.7,16.7,,,,,,
2007-12-31,,,,,,,4.8484,4.8194,4.7929,,3395220.0,660140.0,631830.0,8.1,99.3,8.3,-8.7,-4.7,7.6,98.8,97.8,99.8,21.3,,,,,,
2008-01-31,,,,,,,4.4815,4.5014,4.498,,3647910.0,856960.0,604140.0,8.7,98.9,4.4,-6.3,-6.6,8.0,98.2,98.7,97.6,19.2,,,,,,
2008-02-29,,,,,,,4.3621,4.3565,4.3489,,3606080.0,644870.0,686700.0,8.6,100.1,3.4,-10.6,-3.9,12.6,98.2,98.9,97.5,26.1,,,,,,
2008-03-31,,,,,,,4.5964,4.593,4.5901,,3496860.0,642150.0,751440.0,8.3,99.2,2.2,-10.2,-1.9,9.2,98.2,99.1,97.3,31.8,,,,,,
2008-04-30,,,,,,,4.7835,4.7954,4.8199,,3403670.0,663910.0,756980.0,8.1,99.1,1.2,-13.9,-2.9,9.7,97.1,98.5,95.7,26.2,,,,,,
2008-05-31,,,,,,,4.8574,4.8975,4.9938,,3274030.0,610190.0,739800.0,7.8,99.0,1.2,-6.2,-0.6,7.8,96.8,97.9,95.6,17.4,,,,,,
2008-06-30,,,,,,,4.9405,5.0883,5.3608,,3151680.0,584990.0,707320.0,7.5,98.1,-2.8,-8.2,-2.7,7.2,95.7,97.0,94.3,7.2,,,,,,
2008-07-31,,,,,,,4.961,5.1482,5.3932,,3201840.0,762480.0,712290.0,7.6,97.2,-4.5,-8.3,-6.0,5.5,92.4,93.7,91.1,0.2,,,,,,
2008-08-31,,,,,,,4.9652,5.1602,5.323,,3187760.0,689840.0,703920.0,7.6,95.8,-8.5,-11.7,-7.8,2.6,91.5,93.4,89.7,2.3,,,,,,
2008-09-30,,,,,,,5.0192,5.219,5.3839,,3073270.0,658300.0,772920.0,7.3,95.0,-12.2,-11.5,-8.8,1.5,91.2,92.2,90.1,7.9,,,,,,
2008-10-31,,,,,,,5.1131,5.1781,5.2478,,2989230.0,733950.0,817830.0,7.1,93.4,-17.2,-14.2,-6.7,-2.5,87.1,90.5,83.8,0.0,,,,,,
2008-11-30,,,,,,,4.2383,4.2948,4.3504,,2980970.0,694600.0,702750.0,7.1,90.3,-26.2,-14.1,-14.4,-8.2,84.3,87.3,81.5,0.2,,,,,,
2008-12-31,,,,,,,3.2926,3.3653,3.452,,3094150.0,756970.0,643690.0,7.4,88.9,-32.6,-17.1,-17.7,-9.4,80.9,82.5,79.3,0.1,,,,,,
2009-01-31,,,,,,,2.4565,2.5389,2.6216,,3480170.0,953480.0,567450.0,8.3,88.9,-33.7,-19.3,-16.6,-9.0,81.7,82.1,81.3,29.4,,,,,,
2009-02-28,,,,,,,1.9431,2.034,2.1354,,3542600.0,758220.0,695740.0,8.5,88.2,-33.6,-18.7,-17.9,-11.4,81.4,80.1,82.7,21.7,,,,,,
2009-03-31,,,,,,,1.6355,1.7745,1.9089,,3576360.0,757980.0,724210.0,8.5,87.5,-40.0,-18.9,-19.9,-10.8,79.7,77.5,82.0,5.4,,,,,,
2009-04-30,,,,,,,1.4223,1.6083,1.771,,3575260.0,825380.0,826380.0,8.5,87.8,-39.9,-19.9,-19.9,-9.3,81.5,78.4,84.8,78.4,,,,,,
2009-05-31,,,,,,,1.2817,1.4803,1.6444,,3449220.0,673440.0,799420.0,8.2,88.7,-37.9,-20.5,-18.6,-7.2,82.0,77.7,86.6,86.8,,,,,,
2009-06-30,,,,,,,1.2279,1.4356,1.6105,,3402050.0,706430.0,753520.0,8.1,89.8,-34.8,-17.8,-14.7,-5.8,83.8,77.8,90.1,99.5,,,,,,
2009-07-31,,,,,,,0.975,1.2129,1.412,,3454500.0,803600.0,751180.0,8.2,90.5,-33.6,-15.9,-16.0,-3.5,85.1,78.6,92.1,98.0,,,,,,
2009-08-31,,,,,,,0.8605,1.1154,1.3343,,3463440.0,742360.0,733340.0,8.2,91.9,-28.4,-9.3,-12.8,-2.4,87.5,80.2,95.5,99.8,,,,,,
2009-09-30,,,,,,,0.7721,1.0423,1.261,,3338880.0,759270.0,883830.0,7.9,91.1,-29.9,-14.9,-10.8,-4.5,89.3,81.2,98.2,99.7,,,,,,
2009-10-31,,,,,,,0.7375,1.0167,1.2426,,3221210.0,735140.0,852820.0,7.7,91.7,-26.2,-14.9,-7.7,-4.5,89.5,81.7,98.1,93.2,,,,,,
2009-11-30,,,,,,,0.7162,0.9931,1.2306,,3208040.0,738310.0,751470.0,7.6,91.9,-23.1,-14.3,-8.4,-5.2,90.8,82.9,99.5,98.6,,,,,,
2009-12-31,,,,,,,0.712,0.9956,1.2424,,3268170.0,744320.0,684200.0,7.8,93.4,-18.6,-13.5,-8.7,-1.4,91.0,83.9,98.7,93.5,,,,,,
2010-01-31,,,,,,,0.6798,0.9773,1.2322,,3610050.0,970370.0,628520.0,8.6,92.8,-18.8,-16.6,-6.6,-4.0,90.7,83.9,97.9,80.6,,,,,,
2010-02-28,,,,,,,0.6617,0.9645,1.2252,,3635350.0,759220.0,733830.0,8.6,93.6,-13.8,-15.2,-9.9,-2.4,90.7,84.5,97.4,76.5,,,,,,
2010-03-31,,,,,,,0.645,0.9524,1.2151,,3560490.0,730370.0,805220.0,8.5,95.4,-12.2,-13.4,-7.9,3.2,92.2,85.4,99.6,96.8,,,,,,
2010-04-30,,,,,,,0.6447,0.9552,1.2252,,3400160.0,789450.0,949780.0,8.1,97.0,-7.0,-9.9,-1.9,4.7,95.5,90.3,101.1,100.0,,,,,,
2010-05-31,,,,,,,0.6865,0.9822,1.2493,,3236360.0,692540.0,856340.0,7.7,97.1,-5.0,-8.7,-0.6,3.8,95.5,90.9,100.4,96.4,,,,,,
2010-06-30,,,,,,,0.7276,1.0118,1.2813,,3148610.0,715850.0,803600.0,7.5,96.5,-3.7,-9.2,-0.7,1.2,96.2,92.3,100.3,97.3,,,,,,
2010-07-31,,,,,,,0.8488,1.1042,1.3734,,3186930.0,795900.0,757570.0,7.6,98.3,0.5,-8.3,4.0,4.5,98.5,94.9,102.2,99.8,,,,,,
2010-08-31,,,,,,,0.8955,1.1472,1.421,,3183220.0,799620.0,803320.0,7.6,99.7,2.8,-8.0,4.2,8.7,99.8,96.0,103.7,98.8,,,,,,
2010-09-30,,,,,,,0.8805,1.1373,1.4205,,3026830.0,705320.0,861700.0,7.2,99.3,3.3,-7.5,6.2,6.5,100.6,97.9,103.5,96.5,,,,,,
2010-10-31,,,,,,,0.9977,1.2239,1.4954,,2941020.0,696970.0,782780.0,7.0,100.6,8.9,-3.8,6.3,8.4,101.8,98.8,104.8,99.2,,,,,,
2010-11-30,,,,,,,1.042,1.269,1.5405,,2926970.0,746560.0,760600.0,6.9,101.1,9.9,-4.4,7.6,9.8,103.4,100.8,106.1,99.4,,,,,,
2010-12-31,,,,,,,1.0217,1.2507,1.5261,,3011590.0,744590.0,659980.0,7.1,101.2,11.3,-4.0,7.3,9.6,103.0,100.4,105.6,85.7,,,,,,
2011-01-31,,,,,,,1.0172,1.2536,1.55,,3345970.0,932140.0,598030.0,7.9,101.5,12.1,-1.7,6.4,10.0,101.6,99.7,103.6,27.4,,,,,,
2011-02-28,,,,,,,1.0867,1.3523,1.714,,3313210.0,700810.0,733910.0,7.9,101.9,13.1,0.2,8.1,10.6,102.6,102.1,103.1,70.8,,,,,,
2011-03-31,,,,,,,1.1755,1.4833,1.9241,,3211230.0,650820.0,752350.0,7.6,102.9,14.7,1.0,9.1,13.2,102.2,101.9,102.4,53.3,,,,,,
2011-04-30,,,,,,,1.3212,1.6214,2.0856,,3078570.0,650930.0,783470.0,7.3,103.2,14.8,-0.1,8.2,14.7,102.2,102.7,101.7,72.4,,,,,,
2011-05-31,,,,,,,1.4251,1.7068,2.1471,,2960620.0,588850.0,706760.0,7.0,102.2,13.8,-0.9,7.4,11.8,102.5,103.6,101.5,81.4,,,,,,
2011-06-30,,,,,,,1.4886,1.7493,2.1441,,2893990.0,645730.0,712360.0,6.9,101.9,12.4,0.6,7.3,11.2,101.9,102.5,101.3,60.2,,,,,,
2011-07-31,,,,,,,1.5976,1.8182,2.1827,,2939950.0,686480.0,640530.0,7.0,101.8,11.6,-0.5,6.0,11.6,102.2,103.1,101.3,82.0,,,,,,
2011-08-31,,,,,,,1.5521,1.7548,2.0969,,2945550.0,747790.0,742200.0,7.0,100.0,6.0,1.3,4.2,7.7,99.6,102.1,97.1,4.4,,,,,,
2011-09-30,,,,,,,1.5365,1.736,2.0669,,2796310.0,636130.0,785290.0,6.6,100.1,7.6,-0.0,4.2,7.5,98.0,100.2,95.8,1.5,,,,,,
2011-10-31,,,,,,,1.5759,1.7761,2.1101,,2737670.0,606590.0,665230.0,6.5,100.2,6.0,-4.7,2.3,9.4,97.9,100.2,95.7,10.0,,,,,,
2011-11-30,,,,,,,1.4847,1.7065,2.0439,,2713810.0,695950.0,719810.0,6.4,100.0,3.9,-1.4,3.6,8.8,98.1,100.8,95.5,26.9,,,,,,
2011-12-31,,,,,,,1.4261,1.6707,2.0035,,2780980.0,671710.0,604540.0,6.6,99.7,2.3,-1.8,3.3,8.6,98.1,100.9,95.4,29.0,,,,,,
2012-01-31,,,,,,,1.2222,1.5047,1.8366,,3084710.0,837620.0,539140.0,7.3,100.4,4.0,-0.1,4.4,10.0,98.4,100.2,96.8,27.4,,,,,,
2012-02-29,,,,,,,1.0483,1.3454,1.6783,,3110440.0,655690.0,628040.0,7.4,100.2,1.9,-0.3,6.1,9.6,99.3,100.8,97.9,70.8,,,,,,
2012-03-31,,,,,,,0.8585,1.1637,1.4985,,3028410.0,627110.0,708490.0,7.2,100.7,1.6,-0.7,4.1,12.2,99.5,100.4,98.7,53.3,91.7,94.2,90.6,93.3,100.7,93.4
2012-04-30,,,,,,,0.7443,1.0402,1.3678,,2963570.0,614720.0,679530.0,7.0,100.2,3.6,-1.3,4.2,9.7,100.1,101.7,98.6,72.4,91.6,94.3,90.8,93.7,100.4,93.7
2012-05-31,,,,,,,0.6849,0.9704,1.266,,2855270.0,623930.0,731820.0,6.7,100.6,-1.2,2.1,3.4,12.8,98.9,100.9,96.9,81.4,91.5,94.1,90.5,93.2,100.0,93.6
2012-06-30,,,,,,,0.6589,0.9345,1.219,,2809110.0,520650.0,566720.0,6.6,99.0,-1.5,0.6,3.3,7.2,96.8,98.9,94.8,60.2,91.4,93.9,90.1,92.3,98.6,93.4
2012-07-31,,,,,,,0.497,0.7794,1.0608,,2875970.0,651120.0,584150.0,6.8,98.5,-5.2,-0.7,2.0,7.5,95.5,97.5,93.7,82.0,91.7,93.5,90.1,92.4,99.0,93.6
2012-08-31,,,,,,,0.3324,0.6061,0.8766,,2905110.0,705470.0,676160.0,6.8,98.4,-5.7,-2.6,1.2,7.7,95.1,97.3,92.8,4.4,92.1,93.9,90.5,93.1,100.0,93.8
2012-09-30,,,,,,,0.2463,0.4839,0.7398,,2788250.0,609140.0,726080.0,6.5,98.0,-8.1,-0.4,-0.8,7.5,94.8,96.2,93.4,1.5,92.2,94.4,90.8,94.0,99.3,93.8
2012-10-31,,,,,,,0.2079,0.4118,0.6501,,2753360.0,650770.0,685510.0,6.5,97.0,-10.0,-3.7,-1.7,5.5,94.7,95.7,93.7,10.0,92.2,94.7,90.8,93.4,98.8,93.6
2012-11-30,,,,,,,0.192,0.3604,0.5879,,2751490.0,620320.0,622170.0,6.5,98.2,-6.2,-1.3,-1.4,7.8,94.0,95.2,92.9,26.9,92.2,94.7,90.8,93.0,98.8,93.7
2012-12-31,,,,,,,0.1855,0.3238,0.5493,,2839820.0,656530.0,568160.0,6.7,98.7,-6.9,-5.0,-2.7,10.6,95.4,95.6,95.2,29.0,92.5,94.6,90.6,93.0,98.3,93.4
2013-01-31,,,,,,,0.2049,0.3443,0.5753,,3138230.0,797690.0,499190.0,7.4,98.3,-5.2,0.5,-2.6,8.0,96.3,96.5,96.1,93.7,92.1,94.2,91.1,93.3,98.2,93.4
2013-02-28,,,,,,,0.2234,0.3619,0.5942,,3156250.0,652680.0,634610.0,7.4,98.5,-4.4,-0.3,-2.9,8.6,97.3,95.4,99.3,97.1,92.6,94.6,90.9,93.3,98.5,93.3
2013-03-31,,,,,,,0.2061,0.3288,0.545,,3097820.0,638980.0,697210.0,7.3,98.6,-4.4,-3.3,-2.9,9.2,97.6,96.4,98.8,92.5,93.0,95.1,90.7,93.2,98.5,93.5
2013-04-30,,,,,,,0.2089,0.3243,0.5284,,3020280.0,616510.0,694050.0,7.1,98.2,-6.7,-0.5,-3.9,8.7,96.0,94.1,97.9,36.3,92.6,95.2,90.6,93.0,97.5,93.3
2013-05-31,,,,,,,0.2012,0.2995,0.4838,,2936920.0,609690.0,692990.0,6.8,98.4,-6.1,0.1,-2.6,8.8,97.1,95.7,98.5,79.6,93.0,95.3,90.3,92.5,97.1,93.1
2013-06-30,,,,,,,0.2103,0.3208,0.5071,,2864670.0,553010.0,625260.0,6.6,97.3,-6.4,-0.6,-3.7,5.2,96.5,95.3,97.7,75.6,93.1,95.2,90.2,92.4,96.4,92.7
2013-07-31,,,,,,,0.2214,0.3358,0.5254,,2914100.0,659840.0,610420.0,6.8,97.7,-4.0,2.0,-4.0,5.5,98.0,97.1,98.9,96.1,93.5,94.9,90.1,92.3,96.5,92.8
2013-08-31,,,,,,,0.2259,0.3422,0.5423,,2945710.0,709210.0,677530.0,6.8,99.1,-2.5,2.5,0.2,8.7,98.7,96.9,100.4,97.6,93.5,94.8,90.0,92.0,96.6,92.8
2013-09-30,,,,,,,0.2232,0.34,0.5434,,2848950.0,634580.0,731300.0,6.6,99.0,0.1,2.2,-0.8,7.5,99.0,97.1,100.9,93.8,93.5,95.3,90.3,92.4,96.6,92.8
2013-10-31,,,,,,,0.2258,0.3415,0.541,,2801190.0,670880.0,718620.0,6.5,99.1,0.1,3.5,0.3,7.5,98.9,97.9,99.8,85.4,93.3,95.5,90.1,91.7,96.0,92.5
2013-11-30,,,,,,,0.2234,0.3269,0.5064,,2806150.0,610750.0,605790.0,6.5,99.8,1.6,1.7,-0.4,9.8,99.6,97.8,101.3,93.7,93.5,95.5,90.0,91.5,96.1,92.5
2013-12-31,,,,,,,0.2735,0.3706,0.5425,,2873810.0,624500.0,556840.0,6.7,99.6,0.9,-0.6,-0.7,9.6,100.4,99.1,101.7,95.4,93.9,95.5,90.1,91.8,96.1,92.5
2014-01-31,,,,,,,0.292,0.396,0.5621,,3135800.0,801400.0,539410.0,7.3,99.0,1.6,-1.8,0.4,7.0,101.4,100.1,102.7,97.0,93.3,95.2,90.0,91.7,96.0,92.6
2014-02-28,,,,,,,0.2881,0.3866,0.549,,3137870.0,634420.0,632360.0,7.3,100.3,1.4,-0.1,1.1,11.6,101.3,99.9,102.8,91.3,93.8,95.4,90.0,91.6,95.9,92.6
2014-03-31,,,,,,,0.3053,0.4069,0.5773,,3054720.0,628080.0,711230.0,7.1,100.7,2.6,-0.8,3.1,12.2,101.2,100.6,101.8,80.8,94.0,95.8,89.8,91.6,95.3,92.5
2014-04-30,,,,,,,0.3297,0.4299,0.604,,2943340.0,612160.0,723550.0,6.8,100.6,1.2,-2.9,3.1,12.7,102.1,102.2,102.0,94.2,93.9,95.7,89.7,91.8,95.1,92.5
2014-05-31,,,,,,,0.3246,0.4169,0.5923,,2882030.0,598210.0,659520.0,6.6,99.7,1.1,-3.8,1.4,9.8,100.1,99.6,100.6,46.9,93.8,95.7,89.5,91.7,95.1,92.5
2014-06-30,,,,,,,0.2414,0.3332,0.5127,,2832780.0,548440.0,597690.0,6.5,98.8,-0.3,-2.9,0.3,7.2,99.8,99.4,100.1,44.9,94.0,95.6,89.5,91.6,95.3,92.6
2014-07-31,,,,,,,0.205,0.3046,0.4875,,2871350.0,667660.0,629110.0,6.6,98.6,-0.8,-4.6,-2.0,7.5,99.5,99.2,99.8,39.4,94.3,95.4,89.4,91.7,94.9,92.7
2014-08-31,,,,,,,0.1916,0.2918,0.4691,,2901820.0,641140.0,610650.0,6.7,99.0,-2.2,-3.6,-1.8,9.7,98.3,98.7,98.0,13.1,94.3,95.4,89.3,91.5,94.8,92.7
2014-09-30,,,,,,,0.0971,0.1997,0.3623,,2807810.0,613540.0,707500.0,6.5,99.0,0.3,-1.8,-2.9,8.5,97.7,98.4,97.0,9.3,94.3,96.0,89.3,91.6,95.1,92.9
2014-10-31,,,,,,,0.0826,0.1837,0.3376,,2732770.0,665750.0,740790.0,6.3,98.5,-5.8,-0.1,-3.7,9.4,96.3,96.6,95.9,2.7,94.1,95.8,89.3,91.1,94.8,92.8
2014-11-30,,,,,,,0.0809,0.1818,0.3347,,2716850.0,611920.0,627840.0,6.3,97.3,-5.6,-3.2,-2.4,4.8,96.0,96.1,96.0,8.1,94.1,95.7,89.3,90.5,94.1,92.8
2014-12-31,,,,,,,0.0809,0.1765,0.3285,,2763520.0,626290.0,579740.0,6.4,98.2,-3.3,-2.2,-4.7,7.6,98.2,98.3,98.1,89.0,94.0,95.4,88.6,89.6,92.5,92.5
2015-01-31,19321.0,27.0,65.0,62.0,81.0,24.0,0.0627,0.1523,0.2982,100.0,3031600.0,773290.0,505030.0,7.0,98.5,-2.7,-1.9,-2.6,8.0,98.8,98.8,98.8,90.5,93.1,94.7,88.1,89.3,91.7,93.0
2015-02-28,15012.0,27.0,67.0,61.0,87.0,25.0,0.0482,0.1258,0.2551,108.4,3017000.0,630790.0,645350.0,6.9,98.5,-0.8,-4.6,-2.9,7.6,98.8,98.1,99.5,84.6,93.8,95.0,88.2,89.8,92.8,93.4
2015-03-31,20357.0,26.0,73.0,70.0,96.0,27.0,0.0272,0.0969,0.2124,111.4,2931510.0,633550.0,718990.0,6.8,99.9,1.5,-3.2,-1.9,11.2,99.1,98.6,99.6,84.4,94.3,95.7,88.3,90.6,93.7,93.9
2015-04-30,21038.0,25.0,63.0,64.0,72.0,27.0,0.0047,0.0728,0.1805,112.2,2842840.0,660320.0,748960.0,6.5,100.2,2.2,-3.4,0.1,11.7,100.2,100.3,100.0,95.8,94.7,96.0,88.4,91.0,94.1,94.2
2015-05-31,14292.0,25.0,57.0,58.0,82.0,27.0,-0.0104,0.0571,0.1654,109.7,2761700.0,542600.0,623740.0,6.3,100.2,2.3,-5.0,-0.6,11.8,100.4,100.5,100.2,96.1,94.9,95.9,88.4,91.6,94.1,93.9
2015-06-30,16044.0,26.0,60.0,60.0,77.0,27.0,-0.0139,0.0492,0.163,108.8,2711190.0,587540.0,638050.0,6.2,99.9,1.9,-5.4,-1.7,11.2,100.1,100.2,100.1,94.0,94.9,95.7,88.3,91.5,93.5,93.9
2015-07-31,25536.0,28.0,66.0,59.0,85.0,27.0,-0.0187,0.0487,0.1673,108.4,2772640.0,599840.0,538390.0,6.3,100.5,1.5,-2.3,1.0,12.6,99.7,100.6,98.8,72.7,95.1,95.2,88.3,91.5,93.0,93.9
2015-08-31,19976.0,28.0,70.0,61.0,71.0,26.0,-0.0277,0.0439,0.1613,109.1,2795600.0,645010.0,622040.0,6.4,99.9,-2.1,0.6,1.2,11.7,100.6,100.8,100.3,95.6,95.0,95.3,87.9,90.7,91.7,93.5
2015-09-30,18912.0,28.0,59.0,59.0,77.0,24.0,-0.037,0.0353,0.1536,109.9,2708040.0,643270.0,730780.0,6.2,99.7,-0.7,-1.6,0.1,10.5,100.1,100.9,99.3,72.1,94.9,95.8,87.6,90.2,91.1,93.2
2015-10-31,21454.0,27.0,60.0,60.0,73.0,26.0,-0.0536,0.0197,0.1279,109.8,2649280.0,595810.0,654560.0,6.0,100.5,-3.7,-0.9,1.3,14.4,100.6,100.2,101.0,87.5,94.9,96.0,87.2,89.7,90.7,93.0
2015-11-30,18626.0,26.0,58.0,60.0,66.0,22.0,-0.0876,-0.0154,0.0789,110.0,2633160.0,613280.0,629390.0,6.0,101.0,-1.8,3.8,2.6,14.8,101.0,100.4,101.6,88.1,94.3,96.0,87.0,89.5,90.5,93.1
2015-12-31,22059.0,24.0,52.0,55.0,69.0,23.0,-0.1263,-0.0398,0.0589,108.3,2681420.0,591340.0,543100.0,6.1,101.2,-1.6,2.2,2.3,15.6,100.6,100.5,100.7,77.6,94.3,95.6,86.6,88.7,89.5,92.7
2016-01-31,18646.0,29.0,66.0,59.0,86.0,24.0,-0.1461,-0.0608,0.0424,106.9,2920420.0,764820.0,525770.0,6.7,101.0,-2.9,-1.1,1.4,16.0,99.7,100.1,99.3,26.2,93.6,95.2,86.1,88.4,88.3,92.5
2016-02-29,15664.0,30.0,66.0,66.0,72.0,27.0,-0.1836,-0.1153,-0.0079,106.0,2911170.0,676630.0,685890.0,6.6,99.6,-4.1,1.8,0.1,11.6,98.7,99.8,97.6,11.5,93.9,95.4,85.7,87.9,87.6,92.1
2016-03-31,20199.0,28.0,66.0,64.0,85.0,29.0,-0.2285,-0.1336,-0.0124,107.7,2844890.0,601880.0,668090.0,6.5,99.4,-3.5,2.4,1.1,10.2,99.2,99.5,98.8,22.5,94.5,96.0,85.7,88.0,88.2,92.2
2016-04-30,22893.0,31.0,71.0,63.0,81.0,29.0,-0.2492,-0.138,-0.0098,108.2,2743860.0,600230.0,701260.0,6.3,100.4,-2.8,-0.7,2.1,13.7,100.1,100.3,99.9,66.7,94.6,96.4,85.8,88.2,88.1,92.1
2016-05-31,19781.0,31.0,66.0,60.0,73.0,27.0,-0.2572,-0.1445,-0.0126,108.0,2664010.0,577580.0,657430.0,6.0,100.2,-1.4,3.6,2.4,11.8,99.8,100.1,99.4,71.9,95.1,96.3,86.2,89.1,88.7,92.3
2016-06-30,23458.0,28.0,57.0,55.0,79.0,25.0,-0.2679,-0.1624,-0.028,106.8,2614220.0,589100.0,638900.0,5.9,99.9,0.0,7.2,4.3,9.2,100.0,101.0,99.0,91.8,95.2,96.1,86.4,89.7,89.2,92.5
2016-07-31,21157.0,28.0,57.0,59.0,64.0,24.0,-0.2945,-0.1882,-0.056,105.8,2661040.0,657540.0,610720.0,6.0,100.7,-0.3,5.7,3.0,12.6,100.0,99.8,100.1,87.5,95.5,95.8,86.6,89.9,89.3,92.5
2016-08-31,17392.0,30.0,63.0,60.0,72.0,25.0,-0.2982,-0.1887,-0.0483,104.8,2684290.0,653180.0,629890.0,6.1,100.7,0.9,6.8,1.2,12.7,99.6,99.5,99.8,82.1,95.4,95.8,86.5,89.2,89.2,92.5
2016-09-30,18656.0,34.0,60.0,63.0,76.0,26.0,-0.3016,-0.1991,-0.0571,106.7,2607610.0,648140.0,724820.0,5.9,101.6,2.3,9.9,3.1,14.5,100.8,100.6,101.1,93.6,95.5,96.4,86.4,89.6,89.1,92.5
2016-10-31,19083.0,31.0,59.0,62.0,76.0,26.0,-0.309,-0.2071,-0.0688,106.6,2539940.0,642040.0,709710.0,5.8,101.9,3.4,6.4,3.3,15.4,101.3,100.6,101.9,93.8,95.6,96.7,86.8,89.9,89.9,92.8
2016-11-30,18592.0,30.0,59.0,64.0,79.0,25.0,-0.3127,-0.2148,-0.074,107.8,2531980.0,651570.0,659530.0,5.7,102.1,3.2,5.7,1.6,16.8,101.6,102.1,101.1,92.9,95.0,96.9,87.1,89.9,90.6,93.2
2016-12-31,23012.0,26.0,52.0,53.0,49.0,23.0,-0.3158,-0.2179,-0.0804,107.8,2568270.0,641550.0,605250.0,5.8,102.3,3.1,7.9,4.3,16.6,100.9,101.7,100.1,71.1,95.6,96.9,87.5,91.2,92.3,93.8
2017-01-31,18457.0,36.0,71.0,68.0,80.0,24.0,-0.3255,-0.2355,-0.0945,110.1,2777390.0,711900.0,502790.0,6.3,102.2,4.8,6.4,2.4,16.0,101.3,101.9,100.7,65.1,95.1,96.7,88.1,91.8,92.9,94.1
2017-02-28,14578.0,37.0,78.0,81.0,98.0,27.0,-0.3286,-0.2405,-0.1059,111.3,2762100.0,711310.0,726600.0,6.3,101.9,6.7,7.0,4.1,13.6,101.3,102.5,100.0,67.4,95.6,97.1,88.3,92.2,93.5,94.3
2017-03-31,22293.0,43.0,75.0,80.0,100.0,26.0,-0.3293,-0.2407,-0.1096,111.7,2662110.0,627170.0,727140.0,6.0,101.5,5.6,9.1,5.1,12.2,101.9,103.4,100.4,78.4,95.8,97.5,88.4,92.1,93.2,94.3
2017-04-30,20221.0,40.0,67.0,71.0,88.0,26.0,-0.3304,-0.2455,-0.119,110.9,2568610.0,636880.0,730370.0,5.8,103.2,8.2,12.4,6.2,16.7,103.7,105.2,102.2,97.4,96.2,97.6,88.6,92.4,93.1,94.5
2017-05-31,20097.0,38.0,66.0,66.0,78.0,27.0,-0.3295,-0.2509,-0.1272,110.5,2497720.0,608910.0,679810.0,5.6,102.8,9.9,13.0,4.4,14.8,102.7,104.4,101.0,88.8,96.2,97.5,88.6,91.8,92.2,94.2
2017-06-30,20641.0,38.0,66.0,68.0,77.0,25.0,-0.33,-0.2668,-0.1491,109.5,2472640.0,531280.0,556360.0,5.5,103.0,10.2,14.6,5.3,15.2,102.7,104.7,100.7,93.8,96.5,97.3,88.6,91.9,91.3,94.0
2017-07-31,21745.0,40.0,65.0,71.0,79.0,26.0,-0.3304,-0.2726,-0.1541,108.8,2517650.0,649720.0,604700.0,5.6,103.6,11.8,12.9,7.0,16.6,103.8,106.7,101.0,97.6,96.9,97.0,88.7,91.8,90.9,93.9
2017-08-31,18106.0,38.0,68.0,71.0,76.0,24.0,-0.3291,-0.2717,-0.1563,108.6,2544850.0,670410.0,643210.0,5.7,102.9,12.9,13.3,6.2,13.7,103.6,105.6,101.7,91.7,97.0,97.2,88.8,91.9,90.9,93.8
2017-09-30,18673.0,36.0,74.0,70.0,75.0,23.0,-0.3294,-0.2726,-0.1683,109.7,2448910.0,591410.0,687350.0,5.5,103.5,11.4,11.1,7.2,16.5,103.9,105.9,101.9,89.1,97.0,97.8,89.2,92.5,91.6,93.9
2017-10-31,20683.0,38.0,66.0,66.0,67.0,24.0,-0.3295,-0.2739,-0.1798,108.9,2388710.0,606470.0,666670.0,5.4,103.5,13.6,7.6,8.3,15.4,104.3,106.3,102.4,94.8,96.9,98.1,89.3,92.4,92.1,94.0
2017-11-30,18257.0,34.0,59.0,67.0,68.0,24.0,-0.329,-0.2743,-0.189,107.9,2368410.0,629420.0,649720.0,5.3,103.3,13.1,9.6,8.6,14.8,105.0,106.6,103.4,92.3,96.5,98.2,89.3,93.0,92.8,94.2
2017-12-31,23066.0,29.0,54.0,62.0,62.0,21.0,-0.3279,-0.2714,-0.1897,109.8,2384960.0,579230.0,562680.0,5.3,104.4,15.8,9.6,9.3,17.6,104.7,107.0,102.4,84.0,96.9,98.2,89.5,92.7,92.9,94.2
2018-01-31,21200.0,37.0,74.0,69.0,76.0,23.0,-0.3285,-0.2742,-0.1887,112.4,2570310.0,667190.0,481830.0,5.8,105.0,14.5,12.7,9.4,20.0,105.0,108.5,101.6,76.5,96.4,97.9,90.0,93.4,93.5,94.5
2018-02-28,14576.0,41.0,69.0,75.0,78.0,25.0,-0.3285,-0.2749,-0.1912,114.1,2545940.0,662060.0,686440.0,5.7,105.0,12.6,12.2,10.1,20.6,104.0,107.6,100.5,47.0,96.7,98.1,89.9,93.2,93.0,94.4
2018-03-31,20441.0,41.0,81.0,82.0,71.0,26.0,-0.3279,-0.2713,-0.191,113.9,2458110.0,603750.0,691570.0,5.5,104.4,12.7,12.0,7.1,19.2,103.9,106.9,100.9,26.9,97.2,98.6,90.0,93.3,92.9,94.5
2018-04-30,22541.0,37.0,66.0,77.0,66.0,25.0,-0.3285,-0.2702,-0.1897,113.9,2383750.0,569090.0,643460.0,5.3,104.0,14.2,13.5,7.2,16.7,103.5,106.5,100.6,7.6,97.5,98.9,90.3,93.5,93.5,94.7
2018-05-31,19575.0,37.0,68.0,74.0,71.0,23.0,-0.3252,-0.27,-0.188,113.4,2315490.0,588870.0,657130.0,5.1,104.6,12.2,13.3,7.4,19.8,102.8,106.7,99.1,18.5,98.2,99.0,90.8,94.2,94.9,95.2
2018-06-30,23059.0,38.0,63.0,70.0,51.0,24.0,-0.322,-0.2685,-0.1815,112.2,2275790.0,508860.0,548550.0,5.0,104.1,13.2,11.0,6.3,18.2,101.7,105.8,97.7,14.7,98.3,98.8,91.1,95.1,95.3,95.4
2018-07-31,23925.0,35.0,64.0,69.0,68.0,24.0,-0.3207,-0.2692,-0.1795,111.1,2324750.0,635630.0,586680.0,5.1,104.5,11.8,14.2,7.0,19.6,101.7,106.0,97.5,21.4,98.7,98.3,91.3,95.2,95.3,95.5
2018-08-31,20854.0,39.0,62.0,74.0,57.0,23.0,-0.319,-0.2668,-0.1693,110.4,2350880.0,633560.0,607440.0,5.2,105.0,9.9,12.8,6.2,22.6,103.8,107.0,100.7,93.3,98.8,98.5,91.5,95.4,95.3,95.7
2018-09-30,20377.0,38.0,65.0,74.0,63.0,24.0,-0.3188,-0.2683,-0.1662,110.9,2256470.0,574660.0,669050.0,5.0,105.0,12.5,13.1,6.2,21.5,103.8,107.2,100.5,85.0,99.0,99.4,92.0,95.8,95.6,95.7
2018-10-31,23353.0,43.0,65.0,83.0,56.0,25.0,-0.3177,-0.264,-0.1538,109.5,2203850.0,582710.0,635320.0,4.9,104.6,9.9,16.9,4.3,21.4,102.9,106.2,99.6,52.8,99.1,99.6,92.2,96.1,96.5,95.9
2018-11-30,20840.0,39.0,65.0,78.0,62.0,24.0,-0.3164,-0.2566,-0.1474,110.0,2186110.0,602070.0,619810.0,4.8,103.5,10.2,18.4,4.6,16.8,102.3,106.2,98.6,23.5,98.5,99.8,92.3,96.2,95.6,95.8
2018-12-31,20990.0,37.0,57.0,74.0,55.0,21.0,-0.3119,-0.2408,-0.1287,111.3,2209550.0,584060.0,560620.0,4.9,103.9,8.5,14.5,4.3,19.6,101.1,105.2,97.2,8.7,98.5,99.3,92.0,95.1,94.4,95.4
2019-01-31,23476.0,47.0,72.0,85.0,60.0,22.0,-0.308,-0.2364,-0.1159,113.8,2405590.0,689480.0,493420.0,5.3,102.8,3.0,13.9,3.4,18.0,99.5,104.9,94.4,1.2,97.7,98.9,92.3,94.4,94.2,95.5
2019-02-28,16238.0,55.0,72.0,89.0,66.0,25.0,-0.3084,-0.2318,-0.1084,115.2,2372700.0,624560.0,657440.0,5.3,102.9,2.6,17.2,2.1,18.6,98.7,103.7,93.9,4.0,98.1,99.2,92.2,94.7,94.5,95.6
2019-03-31,20960.0,45.0,72.0,81.0,57.0,26.0,-0.3092,-0.2302,-0.1088,116.1,2301120.0,587810.0,659380.0,5.1,101.5,-2.3,17.0,3.1,15.2,99.9,104.1,95.8,43.5,98.5,99.5,92.2,95.0,94.5,95.7
2019-04-30,23196.0,44.0,68.0,81.0,58.0,25.0,-0.3105,-0.2308,-0.1122,117.5,2228880.0,586780.0,659020.0,4.9,101.9,-3.7,13.7,4.2,17.7,100.7,104.4,97.0,29.7,99.4,99.9,92.6,95.5,94.8,95.9
2019-05-31,22570.0,40.0,65.0,75.0,59.0,25.0,-0.3119,-0.2374,-0.1339,118.5,2235970.0,592680.0,585590.0,4.9,100.7,-4.7,14.5,2.4,13.8,98.3,101.4,95.3,6.9,99.6,100.1,92.5,95.8,94.7,95.8
2019-06-30,19567.0,42.0,65.0,68.0,53.0,24.0,-0.3289,-0.279,-0.1903,118.7,2216240.0,562780.0,582510.0,4.9,99.9,-7.9,13.4,-0.7,13.2,96.8,101.2,92.7,8.6,99.9,99.9,92.2,95.3,93.4,95.6
2019-07-31,23724.0,42.0,62.0,78.0,55.0,25.0,-0.3649,-0.3474,-0.2833,118.0,2275460.0,584540.0,525330.0,5.0,99.7,-12.2,14.8,1.0,13.6,95.5,100.0,91.2,1.3,100.3,99.6,92.2,95.1,93.2,95.7
2019-08-31,18551.0,42.0,66.0,80.0,49.0,34.0,-0.4077,-0.405,-0.3563,117.5,2319410.0,643550.0,599610.0,5.1,98.0,-11.2,12.2,-0.8,7.7,94.2,97.3,91.1,1.3,100.2,99.6,91.8,94.3,92.7,95.6
2019-09-30,17909.0,43.0,68.0,85.0,61.0,100.0,-0.4176,-0.3939,-0.3391,118.3,2234030.0,593970.0,679350.0,4.9,98.8,-12.3,9.9,-0.8,11.5,94.8,98.8,91.0,18.3,100.2,100.2,91.9,94.0,93.2,95.7
2019-10-31,21716.0,47.0,62.0,85.0,46.0,23.0,-0.4129,-0.3616,-0.3042,117.9,2204090.0,629680.0,659620.0,4.8,98.8,-10.7,11.1,-0.7,10.4,95.0,97.9,92.1,27.1,100.2,100.3,91.7,93.9,93.1,95.7
2019-11-30,19499.0,44.0,56.0,87.0,46.0,21.0,-0.4013,-0.3374,-0.272,117.4,2180000.0,575280.0,599370.0,4.8,99.4,-12.9,8.0,-0.4,13.8,95.3,98.3,92.5,46.7,99.5,100.6,91.7,93.8,93.6,95.7
2019-12-31,22798.0,37.0,51.0,73.0,46.0,21.0,-0.3947,-0.3356,-0.2614,117.3,2227160.0,572050.0,524890.0,4.9,98.9,-15.6,10.7,1.3,12.6,96.5,99.1,93.9,89.1,100.0,100.6,91.8,93.8,93.8,95.8
2020-01-31,23424.0,44.0,66.0,85.0,52.0,22.0,-0.3911,-0.3301,-0.2534,118.6,2425520.0,673900.0,475550.0,5.3,99.4,-16.3,10.3,0.4,15.0,96.0,99.6,92.5,74.8,99.8,100.4,92.5,94.7,93.4,96.0
2020-02-29,15386.0,46.0,70.0,90.0,52.0,21.0,-0.4089,-0.3552,-0.2881,119.5,2395600.0,599800.0,629710.0,5.3,98.2,-17.5,10.6,1.1,10.6,95.9,99.0,93.0,77.7,100.1,100.6,92.2,93.9,92.6,95.9
2020-03-31,19481.0,34.0,47.0,61.0,39.0,20.0,-0.4166,-0.3649,-0.2656,119.4,2335370.0,584760.0,645000.0,5.1,93.5,-19.3,3.8,-7.9,-2.8,86.2,92.9,80.0,0.7,100.3,100.8,91.5,93.5,89.3,95.3
2020-04-30,12510.0,37.0,50.0,66.0,51.0,20.0,-0.2541,-0.192,-0.1082,116.1,2643740.0,667530.0,359160.0,5.8,86.8,-28.7,-5.1,-24.9,-18.3,75.0,79.3,71.0,0.0,100.4,101.1,90.8,92.2,87.8,94.9
2020-05-31,14415.0,45.0,70.0,86.0,71.0,24.0,-0.272,-0.1431,-0.0814,114.7,2812990.0,484300.0,315060.0,6.1,88.6,-28.5,-3.4,-19.6,-13.2,79.5,78.6,80.5,92.8,100.4,101.1,90.5,91.6,88.1,94.7
2020-06-30,17171.0,66.0,72.0,96.0,64.0,26.0,-0.376,-0.2227,-0.1475,116.0,2853310.0,418630.0,378320.0,6.2,92.2,-25.9,2.8,-11.7,-3.8,85.4,80.9,90.1,86.1,100.5,100.9,90.5,92.2,88.6,94.7
2020-07-31,22625.0,62.0,74.0,100.0,59.0,25.0,-0.4441,-0.3461,-0.2789,120.5,2910010.0,471500.0,414830.0,6.3,93.3,-23.2,1.5,-8.0,-1.4,89.4,84.3,94.9,99.9,99.7,98.9,90.7,92.6,88.9,94.7
2020-08-31,19294.0,54.0,66.0,94.0,60.0,23.0,-0.4797,-0.4329,-0.3589,124.1,2955490.0,524590.0,479120.0,6.4,95.2,-19.3,2.3,-7.8,3.6,92.1,87.7,96.8,99.2,99.7,98.9,90.7,92.3,89.0,94.6
2020-09-30,21560.0,60.0,72.0,89.0,55.0,24.0,-0.4914,-0.4626,-0.4146,126.4,2847150.0,496680.0,605010.0,6.2,96.2,-16.1,4.8,-3.9,4.5,93.5,89.5,97.7,96.4,99.7,99.2,91.0,92.3,89.3,94.7
2020-10-31,21221.0,50.0,55.0,85.0,49.0,23.0,-0.5091,-0.494,-0.466,127.2,2759780.0,534670.0,622040.0,6.0,96.7,-11.3,3.5,0.3,3.5,93.0,90.5,95.5,80.8,99.9,99.4,91.1,92.1,89.5,94.8
2020-11-30,19757.0,48.0,57.0,76.0,50.0,21.0,-0.5209,-0.509,-0.4806,125.4,2699130.0,506820.0,567480.0,5.9,96.6,-12.9,1.8,-2.4,4.8,91.7,90.3,93.0,26.5,99.7,99.4,91.3,92.2,90.0,95.2
2020-12-31,24323.0,38.0,42.0,71.0,44.0,19.0,-0.5381,-0.5186,-0.4966,124.6,2707240.0,482430.0,474320.0,5.9,95.6,-10.6,1.9,-1.7,-0.4,93.1,91.8,94.5,63.7,99.8,99.4,92.0,92.7,90.5,95.3
2021-01-31,15413.0,43.0,50.0,74.0,44.0,18.0,-0.5472,-0.5285,-0.5047,122.3,2900660.0,598660.0,405260.0,6.3,95.1,-10.5,0.7,-8.6,0.0,90.6,89.6,91.5,11.6,101.0,101.3,93.3,94.7,92.3,96.1
2021-02-28,13477.0,50.0,58.0,80.0,49.0,21.0,-0.5411,-0.5205,-0.5009,123.3,2904410.0,473010.0,469270.0,6.3,94.8,-5.5,-0.0,-7.9,-3.4,92.7,91.1,94.4,70.0,101.6,101.8,94.1,95.7,93.4,96.5
2021-03-31,20569.0,57.0,64.0,85.0,57.0,23.0,-0.5391,-0.516,-0.4867,126.0,2827450.0,430230.0,507200.0,6.2,97.6,-1.4,0.6,-3.9,4.2,96.1,93.3,99.0,99.1,102.1,102.2,95.0,96.8,94.7,97.2
2021-04-30,20480.0,59.0,56.0,81.0,42.0,23.0,-0.5382,-0.5158,-0.4835,130.6,2771230.0,497980.0,554210.0,6.0,98.3,2.2,2.8,0.1,3.7,96.0,94.2,97.8,91.8,102.4,102.6,95.9,97.7,95.8,97.8
2021-05-31,18410.0,57.0,57.0,72.0,48.0,21.0,-0.5401,-0.513,-0.4806,133.5,2687190.0,436860.0,520910.0,5.9,100.1,3.7,2.7,3.4,8.8,98.3,95.7,100.9,98.8,102.6,102.7,97.0,98.7,97.0,98.5
2021-06-30,21009.0,53.0,60.0,71.0,46.0,21.0,-0.5429,-0.515,-0.4839,135.1,2613830.0,432020.0,505400.0,5.7,103.4,8.0,5.2,7.3,18.2,101.0,99.8,102.2,99.2,102.9,102.9,98.1,99.9,98.4,99.2
2021-07-31,20518.0,65.0,62.0,80.0,57.0,22.0,-0.5448,-0.516,-0.4907,136.5,2590310.0,489250.0,512730.0,5.6,102.5,15.6,5.1,10.0,10.6,100.8,100.6,101.0,75.9,103.4,103.2,99.8,100.8,100.4,100.3
2021-08-31,17528.0,69.0,63.0,80.0,50.0,21.0,-0.5476,-0.5274,-0.4982,139.1,2578470.0,523680.0,535520.0,5.6,103.6,14.6,5.0,8.2,15.7,100.2,101.7,98.7,33.9,103.5,103.3,101.0,101.2,101.5,101.0
2021-09-30,16975.0,75.0,67.0,91.0,54.0,21.0,-0.545,-0.5224,-0.4923,144.6,2464790.0,498150.0,611830.0,5.4,104.5,15.0,9.5,8.2,18.5,100.1,100.9,99.2,16.6,103.8,104.1,102.7,101.8,102.7,101.8
2021-10-31,16807.0,86.0,63.0,90.0,44.0,21.0,-0.5498,-0.5272,-0.4768,150.6,2376930.0,476910.0,564780.0,5.2,104.1,16.1,7.0,9.3,16.4,98.8,100.6,97.1,6.0,104.3,104.7,105.8,103.4,106.0,103.0
2021-11-30,17891.0,59.0,49.0,73.0,43.0,20.0,-0.5674,-0.534,-0.487,156.6,2317070.0,466150.0,526000.0,5.1,103.9,15.1,10.9,8.6,15.8,97.2,99.5,95.0,3.4,104.5,105.2,106.8,104.6,108.2,103.9
2021-12-31,19695.0,57.0,50.0,73.0,42.0,19.0,-0.582,-0.5446,-0.502,160.8,2329530.0,500800.0,488350.0,5.1,103.0,17.4,8.4,6.3,12.6,95.2,97.3,93.1,1.3,104.7,105.5,110.5,104.9,109.6,104.8
2022-01-31,14841.0,81.0,74.0,90.0,52.0,20.0,-0.5601,-0.5273,-0.4767,161.0,2462160.0,531340.0,398670.0,5.4,102.6,18.3,5.5,5.4,11.0,96.0,96.7,95.4,20.1,105.2,106.2,114.7,107.3,112.7,106.5
2022-02-28,13726.0,72.0,70.0,85.0,51.0,21.0,-0.5315,-0.4762,-0.3353,160.9,2427960.0,498770.0,532980.0,5.3,104.4,20.4,11.6,8.1,15.6,98.6,99.0,98.1,89.0,106.0,107.1,116.3,109.0,113.7,108.0
2022-03-31,18019.0,100.0,69.0,77.0,48.0,20.0,-0.4954,-0.4177,-0.2374,160.3,2362160.0,437160.0,502950.0,5.1,101.9,9.5,4.1,3.1,13.2,89.9,97.2,83.2,1.2,108.1,109.2,121.9,115.1,119.8,111.3
2022-04-30,15106.0,70.0,61.0,66.0,46.0,22.0,-0.4479,-0.3109,0.0131,162.6,2309210.0,470250.0,523200.0,5.0,102.5,6.2,3.4,4.2,16.7,91.2,97.4,85.5,20.0,108.8,110.1,125.3,117.5,121.4,112.7
2022-05-31,16728.0,64.0,64.0,63.0,43.0,21.0,-0.3857,-0.1436,0.2866,165.4,2259650.0,435200.0,484760.0,4.9,103.8,10.8,4.7,2.4,19.8,92.3,99.6,85.6,55.2,109.8,111.3,127.2,118.7,122.7,113.2
2022-06-30,17003.0,58.0,66.0,56.0,46.0,21.0,-0.2392,0.1617,0.8522,169.5,2362890.0,565700.0,462460.0,5.2,102.8,9.0,2.4,2.3,17.2,92.1,99.4,85.4,35.0,109.8,111.8,128.2,118.5,122.9,114.1
2022-07-31,16459.0,61.0,65.0,54.0,41.0,20.0,0.0366,0.4665,0.9915,171.6,2470240.0,577240.0,469890.0,5.4,101.0,7.5,0.4,-2.0,12.6,88.7,97.9,80.4,1.7,110.3,112.5,132.7,118.6,125.1,116.0
2022-08-31,16523.0,55.0,70.0,55.0,42.0,20.0,0.3947,0.837,1.2495,170.8,2547340.0,579820.0,502710.0,5.6,100.9,4.5,2.7,-3.8,13.7,89.3,97.7,81.5,8.1,110.7,113.1,139.9,118.9,128.6,117.9
2022-09-30,14633.0,59.0,68.0,54.0,44.0,19.0,1.0109,1.5961,2.233,168.3,2485740.0,544760.0,606360.0,5.4,99.7,3.1,-1.8,-4.8,10.5,85.7,94.9,77.3,0.3,112.7,114.7,142.3,121.4,127.3,117.1
2022-10-31,14366.0,54.0,68.0,54.0,50.0,19.0,1.4277,1.9974,2.6294,163.2,2442350.0,544180.0,587590.0,5.3,98.2,1.4,-0.1,-4.7,5.5,85.4,94.5,77.2,8.5,113.5,115.6,139.3,121.4,125.3,115.4
2022-11-30,16045.0,49.0,67.0,47.0,42.0,18.0,1.8252,2.3212,2.8283,156.7,2434020.0,531660.0,539980.0,5.3,99.7,2.1,1.4,-5.4,10.8,86.8,93.4,80.8,52.5,113.7,116.3,135.0,120.5,121.5,115.2
2022-12-31,18317.0,46.0,59.0,46.0,43.0,18.0,2.0635,2.5603,3.0181,151.3,2453880.0,524930.0,505060.0,5.4,99.4,2.5,-1.0,-1.7,8.6,89.1,94.3,84.2,91.2,113.2,116.5,134.2,118.9,120.1,115.1
2023-01-31,12606.0,59.0,79.0,57.0,52.0,21.0,2.3449,2.8579,3.337,149.3,2616020.0,570110.0,407920.0,5.7,100.2,4.1,3.4,-0.6,10.0,90.3,94.5,86.3,96.2,114.3,116.9,133.5,119.4,118.7,115.1
2023-02-28,10913.0,58.0,85.0,62.0,55.0,20.0,2.6403,3.1354,3.5336,149.1,2620170.0,578700.0,574510.0,5.7,99.5,1.4,0.1,1.1,8.6,91.1,94.2,88.0,95.1,115.2,117.8,132.5,119.4,117.2,115.1
2023-03-31,15525.0,62.0,81.0,61.0,62.0,22.0,2.9106,3.2674,3.6466,150.9,2593770.0,511820.0,538220.0,5.7,99.7,1.3,1.4,-1.9,10.2,92.6,95.5,89.8,98.3,116.1,118.9,131.1,119.5,116.1,115.0
2023-04-30,12678.0,62.0,82.0,58.0,53.0,22.0,3.167,3.498,3.7437,148.7,2585680.0,554070.0,562160.0,5.7,100.0,-0.8,-0.3,-3.9,12.7,92.9,95.1,90.8,92.5,116.6,119.4,131.8,119.1,114.6,114.6
2023-05-31,13817.0,57.0,78.0,58.0,55.0,22.0,3.3664,3.679,3.8618,148.3,2543740.0,480070.0,521980.0,5.5,98.1,-1.2,0.7,-7.6,6.8,91.0,94.8,87.4,49.4,116.5,119.5,130.4,117.8,113.2,114.2
2023-06-30,16000.0,55.0,78.0,55.0,51.0,22.0,3.5359,3.8253,4.0073,152.2,2554980.0,512780.0,501520.0,5.5,98.2,-4.1,-2.3,-5.7,8.2,88.3,93.7,83.3,4.3,116.8,119.9,129.8,117.4,112.3,114.0
2023-07-31,16532.0,63.0,84.0,53.0,51.0,22.0,3.6718,3.9425,4.149,148.2,2617190.0,557300.0,495040.0,5.7,97.0,-7.6,-4.5,-6.0,5.5,87.4,91.3,83.7,3.9,117.1,119.8,128.9,117.1,111.6,113.7
2023-08-31,16561.0,65.0,83.0,61.0,62.0,22.0,3.7803,3.9445,4.073,147.4,2695830.0,608750.0,530110.0,5.8,97.0,-7.6,-5.8,-9.8,6.7,85.9,88.9,83.0,2.6,117.5,120.3,129.2,117.4,112.0,113.7
2023-09-30,14412.0,90.0,85.0,70.0,52.0,22.0,3.88,4.0303,4.1492,148.0,2627100.0,519570.0,588300.0,5.7,95.9,-9.8,-6.8,-8.8,3.5,86.1,88.8,83.6,11.1,117.8,120.9,129.3,117.6,113.3,114.0
2023-10-31,14966.0,70.0,83.0,66.0,54.0,22.0,3.9676,4.1148,4.16,147.8,2607120.0,547140.0,567130.0,5.7,96.3,-13.3,-6.3,-9.7,6.5,87.0,89.2,84.9,42.2,117.8,121.2,129.1,117.1,113.4,114.1
2023-11-30,16081.0,67.0,75.0,58.0,45.0,21.0,3.9716,4.0647,4.0221,146.6,2605730.0,552180.0,553570.0,5.6,95.9,-11.8,-7.9,-9.4,4.8,87.2,89.4,85.1,54.9,117.3,121.4,128.3,116.9,112.8,113.8
2023-12-31,20171.0,56.0,71.0,57.0,53.0,20.0,3.9331,3.9243,3.6699,146.9,2636730.0,557170.0,526200.0,5.7,96.6,-12.4,-4.0,-7.7,6.6,86.6,88.6,84.7,33.0,117.4,121.4,127.3,116.2,111.7,113.5
2024-01-31,15588.0,73.0,96.0,66.0,60.0,21.0,3.9253,3.8917,3.6092,142.0,2805380.0,633170.0,464430.0,6.1,95.6,-12.1,-7.6,-11.6,4.0,85.4,86.9,83.9,14.8,117.6,121.1,127.6,116.3,111.7,113.6
2024-02-29,12693.0,73.0,97.0,73.0,68.0,23.0,3.9232,3.9005,3.6705,141.2,2813810.0,579240.0,570810.0,6.1,94.9,-13.6,-6.6,-12.9,2.6,85.8,87.0,84.7,26.6,118.1,121.6,127.1,116.2,111.5,113.8
2024-03-31,15804.0,79.0,92.0,74.0,65.0,25.0,3.9224,3.8932,3.7162,137.3,2769280.0,544550.0,589090.0,6.0,96.4,-8.8,-8.7,-9.9,5.2,87.7,88.1,87.3,81.3,118.6,121.7,127.3,116.4,111.9,113.9
2024-04-30,16727.0,62.0,93.0,75.0,66.0,26.0,3.8864,3.8393,3.7025,138.0,2749580.0,594500.0,614220.0,6.0,95.9,-12.9,-6.1,-11.8,5.7,89.1,88.9,89.3,93.6,119.2,121.8,127.5,116.9,112.7,114.4
2024-05-31,14723.0,61.0,77.0,68.0,60.0,24.0,3.8137,3.7879,3.6821,137.9,2722550.0,530150.0,557170.0,5.8,96.2,-11.2,-7.5,-10.6,5.8,89.0,88.3,89.7,85.4,119.3,121.6,127.5,117.0,112.7,114.4
2024-06-30,16548.0,58.0,81.0,66.0,48.0,22.0,3.7245,3.7149,3.6496,138.2,2726570.0,501830.0,497800.0,5.8,95.8,-10.2,-5.1,-12.7,4.2,88.4,88.2,88.5,64.7,119.4,121.5,127.7,116.7,113.1,114.7
2024-07-31,18461.0,60.0,82.0,65.0,59.0,24.0,3.6848,3.6436,3.5259,137.0,2808720.0,639110.0,556970.0,6.0,95.3,-10.8,-0.5,-15.0,2.5,87.0,87.1,87.0,23.1,119.8,121.4,127.9,117.0,112.6,114.6
2024-08-31,14819.0,62.0,88.0,70.0,64.0,24.0,3.5476,3.4249,3.1661,137.3,2871910.0,591370.0,528180.0,6.1,94.7,-14.7,-0.1,-16.8,2.6,86.6,86.4,86.9,20.8,119.7,121.3,128.2,116.1,112.2,114.6
2024-09-30,15297.0,71.0,86.0,72.0,59.0,25.0,3.4337,3.2578,2.936,136.8,2806360.0,536900.0,602450.0,6.0,94.0,-17.6,0.4,-17.9,1.5,85.4,84.4,86.6,9.4,119.7,122.0,127.5,115.7,111.8,114.5
2024-10-31,16070.0,63.0,90.0,75.0,59.0,25.0,3.1666,3.0016,2.6913,136.9,2790530.0,614150.0,629990.0,6.0,93.7,-18.9,-0.3,-16.7,0.5,86.5,85.6,87.4,40.0,120.2,122.6,127.7,116.2,112.5,114.8
2024-11-30,15143.0,64.0,89.0,69.0,52.0,24.0,3.0068,2.7875,2.5056,137.2,2774030.0,554830.0,571350.0,5.9,93.4,-19.7,-2.0,-16.4,-0.2,85.6,84.2,87.0,23.2,119.9,123.0,128.4,116.2,113.5,115.2
2024-12-31,19464.0,53.0,70.0,62.0,61.0,22.0,2.8161,2.6303,2.4383,137.3,2806630.0,562260.0,529670.0,6.0,92.5,-22.4,-2.0,-16.7,-2.4,84.7,85.0,84.4,13.0,120.5,123.3,128.3,116.3,113.9,115.5
2025-01-31,13541.0,67.0,93.0,80.0,65.0,23.0,2.7031,2.6121,2.5221,135.2,2992660.0,625980.0,439960.0,6.4,93.4,-22.3,-3.7,-15.6,1.0,85.2,86.0,84.3,26.9,120.3,122.8,128.2,117.4,115.2,116.3
2025-02-28,12601.0,75.0,100.0,85.0,67.0,24.0,2.5249,2.4596,2.4069,137.0,2989220.0,585600.0,589050.0,6.4,93.0,-19.6,-4.5,-15.9,-1.4,85.3,85.0,85.6,30.2,120.8,123.1,128.0,118.1,115.5,116.7
2025-03-31,14930.0,72.0,94.0,96.0,68.0,27.0,2.4424,2.3854,2.3984,138.8,2967080.0,577380.0,599530.0,6.4,92.8,-20.8,-1.8,-12.9,-2.8,86.7,85.7,87.7,69.9,121.2,123.7,127.1,117.9,114.3,116.2
2025-04-30,16113.0,65.0,96.0,85.0,68.0,26.0,2.2482,2.201,2.1424,141.9,2931550.0,562010.0,597530.0,6.3,93.9,-16.9,-4.0,-11.8,-0.3,86.9,86.4,87.4,70.6,121.7,123.9,0.0,117.8,0.0,0.0
2025-05-31,,71.0,91.0,78.0,57.0,26.0,,,,,,,,,,,,,,,,,,,,,,,
